@article{fan2002variable,
  title={Variable selection for Cox's proportional hazards model and frailty model},
  author={Fan, Jianqing and Li, Runze},
  journal={Annals of Statistics},
  pages={74--99},
  year={2002},
  publisher={JSTOR}
}

@article{fan2001variable,
  title={Variable selection via nonconcave penalized likelihood and its oracle properties},
  author={Fan, Jianqing and Li, Runze},
  journal={Journal of the American statistical Association},
  volume={96},
  number={456},
  pages={1348--1360},
  year={2001},
  publisher={Taylor \& Francis}
}

@article{cox72,
 ISSN = {00359246},
 URL = {http://www.jstor.org/stable/2985181},
 abstract = {The analysis of censored failure times is considered. It is assumed that on each individual are available values of one or more explanatory variables. The hazard function (age-specific failure rate) is taken to be a function of the explanatory variables and unknown regression coefficients multiplied by an arbitrary and unknown function of time. A conditional likelihood is obtained, leading to inferences about the unknown regression coefficients. Some generalizations are outlined.},
 author = {D. R. Cox},
 journal = {Journal of the Royal Statistical Society. Series B (Methodological)},
 number = {2},
 pages = {187--220},
 publisher = {[Royal Statistical Society, Wiley]},
 title = {Regression Models and Life-Tables},
 volume = {34},
 year = {1972}
}

@article{kaplanmeier,
 ISSN = {01621459},
 URL = {http://www.jstor.org/stable/2281868},
 author = {E. L. Kaplan and Paul Meier},
 journal = {Journal of the American Statistical Association},
 number = {282},
 pages = {457--481},
 publisher = {[American Statistical Association, Taylor & Francis, Ltd.]},
 title = {Nonparametric Estimation from Incomplete Observations},
 volume = {53},
 year = {1958}
}

@article{ryanwoodall,
author = { Thomas P.   Ryan  and  William H.   Woodall },
title = {The most-cited statistical papers},
journal = {Journal of Applied Statistics},
volume = {32},
number = {5},
pages = {461-474},
year  = {2005},
publisher = {Taylor & Francis},
doi = {10.1080/02664760500079373},

URL = { 
        https://doi.org/10.1080/02664760500079373
    
},
eprint = { 
        https://doi.org/10.1080/02664760500079373
    
}

}
@Book{raphson,
author = { Joseph Raphson },
title = { Analysis aequationum universalis, seu, Ad aequationes algebraicas resolvendas methodus generalis, et expedita [microform] : ex nova infinitarum ferierum doctrina deducta ac demonstrata / authore Josepho Raphson },
publisher = { Prostant venales apud Abelem Swalle Londini },
pages = { [6], 44 p. },
year = { 1690 },
type = { Book, Microform },
subjects = { Algebra -- Early works to 1800.; Equations -- Numerical solutions. },
life-dates = { 1981 - 1690 },
catalogue-url = { https://nla.gov.au/nla.cat-vn925836 },
}


@article{bayesian-frequentist,
author = {Guyon, Isabelle and Saffari, Amir and Dror, Gideon and Cawley, Gavin},
title = {Model Selection: Beyond the Bayesian/Frequentist Divide},
year = {2010},
issue_date = {3/1/2010},
publisher = {JMLR.org},
volume = {11},
issn = {1532-4435},
abstract = {The principle of parsimony also known as "Ockham's razor" has inspired many theories of model selection. Yet such theories, all making arguments in favor of parsimony, are based on very different premises and have developed distinct methodologies to derive algorithms. We have organized challenges and edited a special issue of JMLR and several conference proceedings around the theme of model selection. In this editorial, we revisit the problem of avoiding overfitting in light of the latest results. We note the remarkable convergence of theories as different as Bayesian theory, Minimum Description Length, bias/variance tradeoff, Structural Risk Minimization, and regularization, in some approaches. We also present new and interesting examples of the complementarity of theories leading to hybrid algorithms, neither frequentist, nor Bayesian, or perhaps both frequentist and Bayesian!},
journal = {J. Mach. Learn. Res.},
month = mar,
pages = {61–87},
numpages = {27}
}

@article{nelson-1969,
author = {Wayne Nelson},
title = {Hazard Plotting for Incomplete Failure Data},
journal = {Journal of Quality Technology},
volume = {1},
number = {1},
pages = {27-52},
year  = {1969},
publisher = {Taylor & Francis},
doi = {10.1080/00224065.1969.11980344},

URL = { 
        https://doi.org/10.1080/00224065.1969.11980344
    
},
eprint = { 
        https://doi.org/10.1080/00224065.1969.11980344
    
}

}

@article{nelson-1972,
author = { Wayne   Nelson },
title = {Theory and Applications of Hazard Plotting for Censored Failure Data},
journal = {Technometrics},
volume = {14},
number = {4},
pages = {945-966},
year  = {1972},
publisher = {Taylor & Francis},
doi = {10.1080/00401706.1972.10488991},

URL = { 
        https://www.tandfonline.com/doi/abs/10.1080/00401706.1972.10488991
    
},
eprint = { 
        https://www.tandfonline.com/doi/pdf/10.1080/00401706.1972.10488991
    
}

}

@misc{rossellrubio,
      title={Additive Bayesian variable selection under censoring and misspecification}, 
      author={David Rossell and Francisco Javier Rubio},
      year={2020},
      eprint={1907.13563},
      archivePrefix={arXiv},
      primaryClass={stat.ME}
}

@article{rubioetal,
author = {Francisco J Rubio and Laurent Remontet and Nicholas P Jewell and Aurélien Belot},
title ={On a general structure for hazard-based regression models: An application to population-based cancer research},
journal = {Statistical Methods in Medical Research},
volume = {28},
number = {8},
pages = {2404-2417},
year = {2019},
doi = {10.1177/0962280218782293},
    note ={PMID: 30068256}
}


@article{orbeetal,
author = {Orbe, Jesus and Ferreira, Eva and Núñez-Antón, Vicente},
title = {Comparing proportional hazards and accelerated failure time models for survival analysis},
journal = {Statistics in Medicine},
volume = {21},
number = {22},
pages = {3493-3510},
keywords = {lifetime, Kaplan–Meier weights, jack-knife, censored data, non-proportional hazards},
doi = {https://doi.org/10.1002/sim.1251},
url = {https://onlinelibrary.wiley.com/doi/abs/10.1002/sim.1251},
eprint = {https://onlinelibrary.wiley.com/doi/pdf/10.1002/sim.1251},
year = {2002}
}

@article{cox75,
    author = {Cox, D. R.},
    title = {Partial likelihood},
    journal = {Biometrika},
    volume = {62},
    number = {2},
    pages = {269-276},
    year = {1975},
    month = {08},
    issn = {0006-3444},
    doi = {10.1093/biomet/62.2.269},
    url = {https://doi.org/10.1093/biomet/62.2.269},
    eprint = {https://academic.oup.com/biomet/article-pdf/62/2/269/964098/62-2-269.pdf},
}

@article{compphaft,
author = {Patel, Katie and Kay, Richard and Rowell, Lucy},
title = {Comparing proportional hazards and accelerated failure time models: an application in influenza},
journal = {Pharmaceutical Statistics},
volume = {5},
number = {3},
pages = {213-224},
keywords = {accelerated failure time model, proportional hazards model, influenza, time-to-event data},
doi = {https://doi.org/10.1002/pst.213},
url = {https://onlinelibrary.wiley.com/doi/abs/10.1002/pst.213},
eprint = {https://onlinelibrary.wiley.com/doi/pdf/10.1002/pst.213},
year = {2006}
}


@article{hess95,
author = {Hess, Kenneth R.},
title = {Graphical methods for assessing violations of the proportional hazards assumption in cox regression},
journal = {Statistics in Medicine},
volume = {14},
number = {15},
pages = {1707-1723},
doi = {https://doi.org/10.1002/sim.4780141510},
url = {https://onlinelibrary.wiley.com/doi/abs/10.1002/sim.4780141510},
year = {1995}
}

@article{persson07,
author = {Persson, Inger},
year = {2007},
month = {01},
pages = {1-32},
title = {A comparison of graphical methods for assessing the proportional hazards assumption in the Cox model},
volume = {2},
journal = {Journal of Statistics and Applications}
}

@article{arjas88,
author = { Elja   Arjas },
title = {A Graphical Method for Assessing Goodness of Fit in Cox's Proportional Hazards Model},
journal = {Journal of the American Statistical Association},
volume = {83},
number = {401},
pages = {204-212},
year  = {1988},
publisher = {Taylor & Francis},
doi = {10.1080/01621459.1988.10478588},
URL = {https://www.tandfonline.com/doi/abs/10.1080/01621459.1988.10478588},
eprint = {https://www.tandfonline.com/doi/pdf/10.1080/01621459.1988.10478588}
}

@book{kalbfleisch-prentice-80,
series = {Wiley series in probability and mathematical statistics},
publisher = {Wiley},
isbn = {0471055190},
year = {1980},
title = {The statistical analysis of failure time data},
address = {New York},
author = {J. D. Kalbfleisch and R. L. Prentice},
keywords = {Failure time data analysis; Regression analysis},
}

@book{coxoakes1984,
  title={Analysis of Survival Data},
  author={Cox, D.R. and Oakes, D.},
  isbn={9780412244902},
  lccn={lc83020882},
  series={Chapman \& Hall/CRC Monographs on Statistics \& Applied Probability},
  url={https://books.google.co.uk/books?id=Y4pdM2soP4IC},
  year={1984},
  publisher={Taylor \& Francis}
}

@article{xia-et-al-18,
author = {Xia, Fang and Ning, Jing and Huang, Xuelin},
year = {2018},
month = {01},
pages = {},
title = {Empirical Comparison of the Breslow Estimator and the Kalbfleisch Prentice Estimator for Survival Functions},
volume = {09},
journal = {Journal of Biometrics and Biostatistics},
doi = {10.4172/2155-6180.1000392}
}

@article{kalbfleisch-prentice-73,
 ISSN = {00063444},
 URL = {http://www.jstor.org/stable/2334538},
 author = {J. D. Kalbfleisch and R. L. Prentice},
 journal = {Biometrika},
 number = {2},
 pages = {267--278},
 publisher = {[Oxford University Press, Biometrika Trust]},
 title = {Marginal Likelihoods Based on Cox's Regression and Life Model},
 volume = {60},
 year = {1973}
}

@article{breslow74,
 ISSN = {0006341X, 15410420},
 URL = {http://www.jstor.org/stable/2529620},
 author = {N. Breslow},
 journal = {Biometrics},
 number = {1},
 pages = {89--99},
 publisher = {[Wiley, International Biometric Society]},
 title = {Covariance Analysis of Censored Survival Data},
 volume = {30},
 year = {1974}
}

@article{peto-peto-72,
author = {Peto, Richard and Peto, Julian},
title = {Asymptotically Efficient Rank Invariant Test Procedures},
journal = {Journal of the Royal Statistical Society: Series A (General)},
volume = {135},
number = {2},
pages = {185-198},
keywords = {life table, experimental survival curve, experimental cdf, product-limit estimate, permutational test, rank test, two-group test, right censoring, death times, logrank, symptotic efficiency, rank invariance, relative death, rates, lehmann alternatives, clinical trials, censoring, wilcoxon rank sum test, failure times},
doi = {https://doi.org/10.2307/2344317},
url = {https://rss.onlinelibrary.wiley.com/doi/abs/10.2307/2344317},
eprint = {https://rss.onlinelibrary.wiley.com/doi/pdf/10.2307/2344317},
year = {1972}
}

@article{efron-77,
 ISSN = {01621459},
 URL = {http://www.jstor.org/stable/2286217},
 author = {Bradley Efron},
 journal = {Journal of the American Statistical Association},
 number = {359},
 pages = {557--565},
 publisher = {[American Statistical Association, Taylor & Francis, Ltd.]},
 title = {The Efficiency of Cox's Likelihood Function for Censored Data},
 volume = {72},
 year = {1977}
}

@incollection{robins-rotnitzky-92,
  title={Recovery of information and adjustment for dependent censoring using surrogate markers},
  author={Robins, James M and Rotnitzky, Andrea},
  booktitle={AIDS epidemiology},
  pages={297--331},
  year={1992},
  publisher={Springer}
}

@inproceedings{robins-93,
  title={Information recovery and bias adjustment in proportional hazards regression analysis of randomized trials using surrogate markers},
  author={Robins, James M},
  booktitle={Proceedings of the Biopharmaceutical Section, American Statistical Association},
  volume={24},
  number={3},
  pages={24--33},
  year={1993},
  organization={San Francisco CA}
}

@article{robins-finkelstein-00,
  title={Correcting for noncompliance and dependent censoring in an AIDS clinical trial with inverse probability of censoring weighted (IPCW) log-rank tests},
  author={Robins, James M and Finkelstein, Dianne M},
  journal={Biometrics},
  volume={56},
  number={3},
  pages={779--788},
  year={2000},
  publisher={Wiley Online Library}
}

@article{andersen-gill-82,
author = {P. K. Andersen and R. D. Gill},
title = {{Cox's Regression Model for Counting Processes: A Large Sample Study}},
volume = {10},
journal = {The Annals of Statistics},
number = {4},
publisher = {Institute of Mathematical Statistics},
pages = {1100 -- 1120},
keywords = {Censoring, intensity, martingale, Survival analysis, time dependent covariates},
year = {1982},
doi = {10.1214/aos/1176345976},
URL = {https://doi.org/10.1214/aos/1176345976}
}


@article{fisher-lin-99,
author = {Fisher, Lloyd D. and Lin, D. Y.},
title = {Time-Dependent Covariates in the Cox Proportional-Hazards Regression Model},
journal = {Annual Review of Public Health},
volume = {20},
number = {1},
pages = {145-157},
year = {1999},
doi = {10.1146/annurev.publhealth.20.1.145},
    note ={PMID: 10352854},

URL = { 
        https://doi.org/10.1146/annurev.publhealth.20.1.145
    
},
eprint = { 
        https://doi.org/10.1146/annurev.publhealth.20.1.145
    
}
}

@article{therneau-et-al-13,
  title={Using time dependent covariates and time dependent coefficients in the cox model},
  author={Therneau, Terry and Crowson, Cindy and Atkinson, Elizabeth},
  journal={Red},
  volume={2},
  number={1},
  year={2013}
}

@article{zhang-18,
  title={Time-varying covariates and coefficients in Cox regression models},
  author={Zhang, Zhongheng and Reinikainen, Jaakko and Adeleke, Kazeem Adedayo and Pieterse, Marcel E and Groothuis-Oudshoorn, Catharina GM},
  journal={Annals of translational medicine},
  volume={6},
  number={7},
  year={2018},
  publisher={AME Publications}
}

@manual{hintze2007user,
  title={User’s Guide V},
  author={Hintze, Jerry L},
  chapter={565},
  url={https://www.ncss.com/wp-content/uploads/2012/09/NCSSUG5.pdf},
  year={2007}
}

@software{fu-chang-17,
  title={Package ‘My.stepwise’},
  author={Fu-Chang, Hu},
  url={https://cran.r-project.org/web/packages/My.stepwise/My.stepwise.pdf},
  year={2017}
}

@article{akaike-74,
  title={A new look at the statistical model identification},
  author={Akaike, Hirotugu},
  journal={IEEE transactions on automatic control},
  volume={19},
  number={6},
  pages={716--723},
  year={1974},
  publisher={Ieee}
}

@article{schwarz-78,
  title={Estimating the dimension of a model},
  author={Schwarz, Gideon and others},
  journal={Annals of statistics},
  volume={6},
  number={2},
  pages={461--464},
  year={1978},
  publisher={Institute of Mathematical Statistics}
}

@article{yang2005can,
  title={Can the strengths of AIC and BIC be shared? A conflict between model indentification and regression estimation},
  author={Yang, Yuhong},
  journal={Biometrika},
  volume={92},
  number={4},
  pages={937--950},
  year={2005},
  publisher={Oxford University Press}
}

@article{vrieze2012model,
  title={Model selection and psychological theory: a discussion of the differences between the Akaike information criterion (AIC) and the Bayesian information criterion (BIC).},
  author={Vrieze, Scott I},
  journal={Psychological methods},
  volume={17},
  number={2},
  pages={228},
  year={2012},
  publisher={American Psychological Association}
}

@book{kubben2019fundamentals,
  title={Fundamentals of clinical data science},
  author={Kubben, Pieter and Dumontier, Michel and Dekker, Andre},
  year={2019},
  chapter={8},
  publisher={Springer Nature}
}

@article{craven1978smoothing,
  title={Smoothing noisy data with spline functions},
  author={Craven, Peter and Wahba, Grace},
  journal={Numerische mathematik},
  volume={31},
  number={4},
  pages={377--403},
  year={1978},
  publisher={Springer}
}

@article{hunter2005variable,
  title={Variable selection using MM algorithms},
  author={Hunter, David R and Li, Runze},
  journal={Annals of statistics},
  volume={33},
  number={4},
  pages={1617},
  year={2005},
  publisher={NIH Public Access}
}

@book{grunwald2007minimum,
  title={The minimum description length principle},
  author={Gr{\"u}nwald, Peter D and Grunwald, Abhijit},
  year={2007},
  publisher={MIT press}
}

@book{james2013introduction,
  title={An introduction to statistical learning},
  author={James, Gareth and Witten, Daniela and Hastie, Trevor and Tibshirani, Robert},
  volume={112},
  year={2013},
  publisher={Springer}
}

@book{draper1966applied,
  title={Applied regression analysis},
  author={Draper, Norman R and Smith, Harry},
  year={1966},
  publisher={John Wiley \& Sons}
}

@article{efroymson1966stepwise,
  title={Stepwise regression--a backward and forward look},
  author={Efroymson, M},
  journal={Florham Park, New Jersey},
  year={1966}
}

@article{efron2004least,
  title={Least angle regression},
  author={Efron, Bradley and Hastie, Trevor and Johnstone, Iain and Tibshirani, Robert and others},
  journal={Annals of statistics},
  volume={32},
  number={2},
  pages={407--499},
  year={2004},
  publisher={Institute of Mathematical Statistics}
}

@article{tibshirani2015general,
  title={A general framework for fast stagewise algorithms.},
  author={Tibshirani, Ryan J},
  journal={J. Mach. Learn. Res.},
  volume={16},
  number={1},
  pages={2543--2588},
  year={2015}
}

@article{hastie2017extended,
  title={Extended comparisons of best subset selection, forward stepwise selection, and the lasso},
  author={Hastie, Trevor and Tibshirani, Robert and Tibshirani, Ryan J},
  journal={arXiv preprint arXiv:1707.08692},
  year={2017}
}

@article{bertsimas2016best,
  title={Best subset selection via a modern optimization lens},
  author={Bertsimas, Dimitris and King, Angela and Mazumder, Rahul and others},
  journal={Annals of statistics},
  volume={44},
  number={2},
  pages={813--852},
  year={2016},
  publisher={Institute of Mathematical Statistics}
}

@article{beale1967discarding,
  title={The discarding of variables in multivariate analysis},
  author={Beale, EML and Kendall, MG and Mann, DW},
  journal={Biometrika},
  volume={54},
  number={3-4},
  pages={357--366},
  year={1967},
  publisher={Oxford University Press}
}

@article{hocking1967selection,
  title={Selection of the best subset in regression analysis},
  author={Hocking, Ronald R and Leslie, RN},
  journal={Technometrics},
  volume={9},
  number={4},
  pages={531--540},
  year={1967},
  publisher={Taylor \& Francis Group}
}

@misc{tibshirani2016closer,
  title={A closer look at sparse regression},
  author={Tibshirani, Ryan and Wasserman, L},
  year={2016}
}

@article{wen2017bess,
  title={Bess: an r package for best subset selection in linear, logistic and CoxPH models},
  author={Wen, Canhong and Zhang, Aijun and Quan, Shijie and Wang, Xueqin},
  journal={arXiv preprint arXiv:1709.06254},
  year={2017}
}

@article{friedman2010regularization,
  title={Regularization paths for generalized linear models via coordinate descent},
  author={Friedman, Jerome and Hastie, Trevor and Tibshirani, Rob},
  journal={Journal of statistical software},
  volume={33},
  number={1},
  pages={1},
  year={2010},
  publisher={NIH Public Access}
}

@book{hastie2009elements,
  title={The elements of statistical learning: data mining, inference, and prediction},
  author={Hastie, Trevor and Tibshirani, Robert and Friedman, Jerome},
  year={2009},
  publisher={Springer Science \& Business Media}
}

@book{breiman1984classification,
  title={Classification and regression trees},
  author={Breiman, Leo and Friedman, Jerome and Stone, Charles J and Olshen, Richard A},
  year={1984},
  publisher={CRC press}
}

@article{roy2017selection,
  title={Selection of tuning parameters, solution paths and standard errors for Bayesian lassos},
  author={Roy, Vivekananda and Chakraborty, Sounak},
  journal={Bayesian Analysis},
  volume={12},
  number={3},
  pages={753--778},
  year={2017},
  publisher={International Society for Bayesian Analysis}
}

@article{tibshirani1997lasso,
  title={The lasso method for variable selection in the Cox model},
  author={Tibshirani, Robert},
  journal={Statistics in medicine},
  volume={16},
  number={4},
  pages={385--395},
  year={1997},
  publisher={Wiley Online Library}
}

@article{tibshirani1996regression,
  title={Regression shrinkage and selection via the lasso},
  author={Tibshirani, Robert},
  journal={Journal of the Royal Statistical Society: Series B (Methodological)},
  volume={58},
  number={1},
  pages={267--288},
  year={1996},
  publisher={Wiley Online Library}
}

@techreport{breiman1993better,
  title={Better subset selection using the non-negative garotte},
  author={Breiman, L},
  year={1993},
  institution={Technical Report. University of California, Berkeley}
}

@article{meinshausen2007relaxed,
  title={Relaxed lasso},
  author={Meinshausen, Nicolai},
  journal={Computational Statistics \& Data Analysis},
  volume={52},
  number={1},
  pages={374--393},
  year={2007},
  publisher={Elsevier}
}